<record><leader>00000cas a22000007a 4500</leader><controlfield tag="001">2260191</controlfield><controlfield tag="008">760620d19141986paudn ne      0    0eng d</controlfield><datafield ind1=" " ind2=" " tag="010"><subfield code="a">sn 86081580 </subfield></datafield><datafield ind1=" " ind2=" " tag="040"><subfield code="a">PIT</subfield><subfield code="b">eng</subfield><subfield code="c">PIT</subfield><subfield code="d">NPH</subfield><subfield code="d">OCLCQ</subfield></datafield><datafield ind1=" " ind2=" " tag="042"><subfield code="a">msc</subfield></datafield><datafield ind1="0" ind2="4" tag="245"><subfield code="a">The Democrat-messenger.</subfield></datafield><datafield ind1=" " ind2=" " tag="260"><subfield code="a">Waynesburg, Greene County, Pa. :</subfield><subfield code="b">Democrat Print. Co.,</subfield><subfield code="c">-1986.</subfield></datafield><datafield ind1=" " ind2=" " tag="300"><subfield code="a">v. ;</subfield><subfield code="c">55 cm.</subfield></datafield><datafield ind1=" " ind2=" " tag="310"><subfield code="a">Daily (except Sun.),</subfield><subfield code="b">&lt;July 1936&gt;-Mar. 29, 1986</subfield></datafield><datafield ind1=" " ind2=" " tag="321"><subfield code="a">Weekly,</subfield><subfield code="b">&lt;Oct. 23, 1914-Dec. 28, 1928&gt;</subfield></datafield><datafield ind1=" " ind2=" " tag="321"><subfield code="a">Semiweekly,</subfield><subfield code="b">&lt;Mar. 31, 1933&gt;</subfield></datafield><datafield ind1="1" ind2=" " tag="362"><subfield code="a">Began in 1914.</subfield></datafield><datafield ind1="0" ind2=" " tag="362"><subfield code="a">-Mar. 29, 1986.</subfield></datafield><datafield ind1=" " ind2=" " tag="500"><subfield code="a">"Democratic," &lt;1916&gt;.</subfield></datafield><datafield ind1=" " ind2=" " tag="588"><subfield code="a">Description based on: Consolidated ser. v. 1, no. 43 (Oct. 23, 1914).</subfield></datafield><datafield ind1=" " ind2=" " tag="752"><subfield code="a">United States</subfield><subfield code="b">Pennsylvania</subfield><subfield code="c">Greene</subfield><subfield code="d">Waynesburg.</subfield></datafield><datafield ind1="0" ind2="4" tag="780"><subfield code="t">Greene County Democrat (Waynesburg, Pa. : 1882)</subfield><subfield code="w">(DLC)sn 86081579</subfield></datafield><datafield ind1="0" ind2="4" tag="780"><subfield code="t">Waynesburg semi-weekly messenger</subfield><subfield code="w">(DLC)sn 87078488</subfield></datafield><datafield ind1="0" ind2="4" tag="785"><subfield code="t">Observer-reporter</subfield><subfield code="w">(DLC)sn 86002954</subfield></datafield><datafield ind1="1" ind2=" " tag="029"><subfield code="a">AU@</subfield><subfield code="b">000023535775</subfield></datafield></record>